@misc{ZOB18,
    author = {Bingsheng Zhang and Roman Oliynykov and Hamed Balogun},
    title = {A Treasury System for Cryptocurrencies: Enabling Better Collaborative Intelligence},
    year = {2018},
    note = {\url{https://eprint.iacr.org/2018/435.pdf}},
}

@misc{ZBO20,
    author = {Bingsheng Zhang and Hamed Balogun and Roman Oliynykov},
    title = {Privacy-preserving Collaborative Decision-making for Blockchain Governance},
    year = {2020},
    note = {Not published yet. \url{http://????}},
}

@misc{ZOB18NDSS,
    author = {Bingsheng Zhang and Roman Oliynykov and Hamed Balogun},
    title = {A Treasury System for Cryptocurrencies: Enabling Better Collaborative Intelligence. NDSS Symposium},
    year = {2019},
    note = {\url{https://www.ndss-symposium.org/wp-content/uploads/2019/02/ndss2019_02A-2_Zhang_paper.pdf}},
}

@misc{treasury-crypto,
    author = {},
    title = {Treasury crypto library},
    year = {},
    note = {\url{https://github.com/input-output-hk/treasury-crypto/}},
}

@misc{treasurycoin,
    author = {},
    title = {TreasuryCoin prototype},
    year = {},
    note = {\url{https://github.com/input-output-hk/TreasuryCoin/}},
}

@inproceedings{GennaroDKG,
    author="Gennaro, Rosario
    and Jarecki, Stanis{\l}aw
    and Krawczyk, Hugo
    and Rabin, Tal",
    title="Secure Distributed Key Generation for Discrete-Log Based Cryptosystems",
    bookTitle="EUROCRYPT '99",
    year="1999",
    publisher="Springer Berlin Heidelberg",
        pages="295--310",
    note = {\url{https://link.springer.com/content/pdf/10.1007/s00145-006-0347-3.pdf}},
}

@inproceedings{Ped91,
    author="Pedersen, Torben P.",
    title="Non-interactive and information-theoretic secure verifiable secret sharing",
    bookTitle="CRYPTO '91",
    year="1991",
    publisher="Springer Berlin Heidelberg",
        pages="129--140",
    note = {\url{https://link.springer.com/content/pdf/10.1007%2F3-540-46766-1_9.pdf}},
}

@inproceedings{CP92,
    author    = {David Chaum and Torben P. Pedersen},
    title     = {Wallet Databases with Observers},
    booktitle = {{CRYPTO} '92},
    pages     = {89--105},
    volume    = {740},
    year      = {1993},
    note      = {\url{https://chaum.com/publications/Wallet_Databases.pdf}},
}

@Inbook{Groth2015,
    author="Groth, Jens
    and Kohlweiss, Markulf",
    editor="Oswald, Elisabeth
    and Fischlin, Marc",
    title="One-Out-of-Many Proofs: Or How to Leak a Secret and Spend a Coin",
    bookTitle=" EUROCRYPT 2015",
    year="2015",
    publisher="Springer",
    pages="253--280",
    note={\url{https://www.iacr.org/archive/eurocrypt2015/90560252/90560252.pdf}},
}